{
  "leader": "03303cam a2200541Ia 4500",
  "fields": [
    {
      "001": "ocm60734670\\"
    },
    {
      "003": "OCoLC"
    },
    {
      "005": "20220708142746.0"
    },
    {
      "008": "050427s1918\\\\\\\\ohuabf\\\\ob\\\\\\\\000\\0\\eng\\d"
    },
    {
      "006": "m\\\\\\\\\\o\\\\d\\\\\\\\\\\\\\\\"
    },
    {
      "007": "cr\\|n||||||n||"
    },
    {
      "040": {
        "ind1": "\\",
        "ind2": "\\",
        "subfields": [
          {
            "a": "GMOML"
          },
          {
            "b": "eng"
          },
          {
            "c": "GMOML"
          },
          {
            "d": "EMI"
          },
          {
            "d": "OCLCQ"
          },
          {
            "d": "OCLCF"
          },
          {
            "d": "OCLCO"
          },
          {
            "d": "OCLCQ"
          },
          {
            "d": "OCL"
          },
          {
            "d": "OCLCQ"
          },
          {
            "d": "VGL"
          },
          {
            "d": "OCLCA"
          },
          {
            "d": "BUF"
          },
          {
            "d": "AU@"
          },
          {
            "d": "WYU"
          },
          {
            "d": "YOR"
          },
          {
            "d": "AJS"
          },
          {
            "d": "OCLCO"
          }
        ]
      }
    },
    {
      "019": {
        "ind1": "\\",
        "ind2": "\\",
        "subfields": [
          {
            "a": "1003694520"
          },
          {
            "a": "1058489932"
          },
          {
            "a": "1065944596"
          },
          {
            "a": "1097392408"
          },
          {
            "a": "1199289544"
          }
        ]
      }
    },
    {
      "035": {
        "ind1": "\\",
        "ind2": "\\",
        "subfields": [
          {
            "a": "(OCoLC)60734670"
          },
          {
            "z": "(OCoLC)1003694520"
          },
          {
            "z": "(OCoLC)1058489932"
          },
          {
            "z": "(OCoLC)1065944596"
          },
          {
            "z": "(OCoLC)1097392408"
          },
          {
            "z": "(OCoLC)1199289544"
          }
        ]
      }
    },
    {
      "043": {
        "ind1": "\\",
        "ind2": "\\",
        "subfields": [
          {
            "a": "n-us-oh"
          }
        ]
      }
    },
    {
      "050": {
        "ind1": "1",
        "ind2": "4",
        "subfields": [
          {
            "a": "HV9106.C54"
          },
          {
            "b": "T48 1918x"
          }
        ]
      }
    },
    {
      "082": {
        "ind1": "0",
        "ind2": "4",
        "subfields": [
          {
            "a": "364.360973"
          },
          {
            "b": "THU"
          }
        ]
      }
    },
    {
      "100": {
        "ind1": "1",
        "ind2": "\\",
        "subfields": [
          {
            "a": "Thurston, Henry W."
          },
          {
            "q": "(Henry Winfred),"
          },
          {
            "d": "1861-1946."
          }
        ]
      }
    },
    {
      "245": {
        "ind1": "1",
        "ind2": "0",
        "subfields": [
          {
            "a": "Delinquency and spare time :"
          },
          {
            "b": "a study of a few stories written into the court records of the city of Cleveland /"
          },
          {
            "c": "by Henry W. Thurston."
          }
        ]
      }
    },
    {
      "260": {
        "ind1": "\\",
        "ind2": "\\",
        "subfields": [
          {
            "a": "Cleveland, Ohio :"
          },
          {
            "b": "Survey Committee of the Cleveland Foundation,"
          },
          {
            "c": "1918."
          }
        ]
      }
    },
    {
      "300": {
        "ind1": "\\",
        "ind2": "\\",
        "subfields": [
          {
            "a": "189 pages [8] leaves of plates :"
          },
          {
            "b": "illustrations, maps ;"
          },
          {
            "c": "19 cm."
          }
        ]
      }
    },
    {
      "336": {
        "ind1": "\\",
        "ind2": "\\",
        "subfields": [
          {
            "a": "text"
          },
          {
            "b": "txt"
          },
          {
            "2": "rdacontent"
          }
        ]
      }
    },
    {
      "337": {
        "ind1": "\\",
        "ind2": "\\",
        "subfields": [
          {
            "a": "computer"
          },
          {
            "b": "c"
          },
          {
            "2": "rdamedia"
          }
        ]
      }
    },
    {
      "338": {
        "ind1": "\\",
        "ind2": "\\",
        "subfields": [
          {
            "a": "online resource"
          },
          {
            "b": "cr"
          },
          {
            "2": "rdacarrier"
          }
        ]
      }
    },
    {
      "490": {
        "ind1": "1",
        "ind2": "\\",
        "subfields": [
          {
            "a": "Report / Cleveland Recreation Survey"
          }
        ]
      }
    },
    {
      "500": {
        "ind1": "\\",
        "ind2": "\\",
        "subfields": [
          {
            "a": "At head of title: Cleveland recreation survey."
          }
        ]
      }
    },
    {
      "500": {
        "ind1": "\\",
        "ind2": "\\",
        "subfields": [
          {
            "a": "\"This report ... is one of the seven sections of the report of the Recreation survey of Cleveland conducted by the Survey Committee of the Cleveland Foundation in 1917\"--Foreword."
          }
        ]
      }
    },
    {
      "504": {
        "ind1": "\\",
        "ind2": "\\",
        "subfields": [
          {
            "a": "Includes bibliographical references."
          }
        ]
      }
    },
    {
      "500": {
        "ind1": "\\",
        "ind2": "\\",
        "subfields": [
          {
            "a": "Reproduction of original from Harvard Law School Library."
          }
        ]
      }
    },
    {
      "533": {
        "ind1": "\\",
        "ind2": "\\",
        "subfields": [
          {
            "a": "Electronic reproduction."
          },
          {
            "b": "Farmington Hills, Mich. :"
          },
          {
            "c": "Thomson Gale,"
          },
          {
            "d": "2004."
          },
          {
            "n": "Available via the World Wide Web."
          },
          {
            "n": "Access limited by licensing agreements."
          }
        ]
      }
    },
    {
      "539": {
        "ind1": "\\",
        "ind2": "\\",
        "subfields": [
          {
            "a": "s"
          },
          {
            "b": "2004"
          },
          {
            "d": "miu"
          },
          {
            "e": "n"
          },
          {
            "f": "n"
          },
          {
            "g": "s"
          }
        ]
      }
    },
    {
      "650": {
        "ind1": "\\",
        "ind2": "0",
        "subfields": [
          {
            "a": "Juvenile delinquency"
          },
          {
            "z": "Ohio"
          },
          {
            "z": "Cleveland."
          }
        ]
      }
    },
    {
      "651": {
        "ind1": "\\",
        "ind2": "0",
        "subfields": [
          {
            "a": "Cleveland (Ohio)"
          },
          {
            "x": "Social conditions."
          }
        ]
      }
    },
    {
      "650": {
        "ind1": "\\",
        "ind2": "7",
        "subfields": [
          {
            "a": "Juvenile delinquency."
          },
          {
            "2": "fast"
          },
          {
            "0": "(OCoLC)fst00985320"
          }
        ]
      }
    },
    {
      "650": {
        "ind1": "\\",
        "ind2": "7",
        "subfields": [
          {
            "a": "Social conditions"
          },
          {
            "2": "fast"
          },
          {
            "0": "(OCoLC)fst01919811"
          }
        ]
      }
    },
    {
      "651": {
        "ind1": "\\",
        "ind2": "7",
        "subfields": [
          {
            "a": "Ohio"
          },
          {
            "z": "Cleveland."
          },
          {
            "2": "fast"
          },
          {
            "0": "(OCoLC)fst01205966"
          }
        ]
      }
    },
    {
      "710": {
        "ind1": "2",
        "ind2": "\\",
        "subfields": [
          {
            "a": "Cleveland Foundation."
          },
          {
            "b": "Survey Committee."
          }
        ]
      }
    },
    {
      "830": {
        "ind1": "\\",
        "ind2": "0",
        "subfields": [
          {
            "a": "Report (Cleveland Recreation Survey)"
          }
        ]
      }
    },
    {
      "856": {
        "ind1": "4",
        "ind2": "0",
        "subfields": [
          {
            "u": "http://www.gale.com/ModernLaw/"
          },
          {
            "z": "Available to subscribing institutions"
          }
        ]
      }
    },
    {
      "856": {
        "ind1": "4",
        "ind2": "0",
        "subfields": [
          {
            "u": "http://mutex.gmu.edu/login?url=http://galenet.galegroup.com/servlet/MOML?af=RN&ae=F151640745&srchtp=a&ste=14&locID=arli17215"
          },
          {
            "z": "Electronic book available to MASON students, faculty and staff"
          }
        ]
      }
    },
    {
      "856": {
        "ind1": "4",
        "ind2": "0",
        "subfields": [
          {
            "3": "Making of Modern Law"
          },
          {
            "u": "http://galenet.galegroup.com/servlet/MOML?af=RN&ae=F151640745&srchtp=a&ste=14&q=sunybuff_main"
          }
        ]
      }
    },
    {
      "856": {
        "ind1": "4",
        "ind2": "\\",
        "subfields": [
          {
            "u": "http://ezproxy.lib.monash.edu.au/login?url=http://galenet.galegroup.com/servlet/MOML?af=RN&ae=F151640745&srchtp=a&ste=14&locID=monash"
          },
          {
            "z": "Full text available from The Making of Modern Law"
          }
        ]
      }
    },
    {
      "856": {
        "ind1": "4",
        "ind2": "0",
        "subfields": [
          {
            "u": "http://libproxy.uwyo.edu/login/?url=http://galenet.galegroup.com/servlet/MOML?af=RN&ae=F151640745&srchtp=a&ste=14&q=lara37639"
          },
          {
            "z": "View full text"
          }
        ]
      }
    },
    {
      "856": {
        "ind1": "4",
        "ind2": "0",
        "subfields": [
          {
            "u": "http://www.library.yorku.ca/eresolver/?id=450056"
          },
          {
            "z": "Full text online"
          }
        ]
      }
    },
    {
      "856": {
        "ind1": "4",
        "ind2": "1",
        "subfields": [
          {
            "u": "http://galenet.galegroup.com/servlet/MOML?af=RN&ae=F151640745&srchtp=a&ste=14&q=mont49704"
          },
          {
            "z": "Available to subscribing institutions"
          }
        ]
      }
    },
    {
      "994": {
        "ind1": "\\",
        "ind2": "\\",
        "subfields": [
          {
            "a": "Z0"
          },
          {
            "b": "NYRVC"
          }
        ]
      }
    },
    {
      "948": {
        "ind1": "\\",
        "ind2": "\\",
        "subfields": [
          {
            "h": "NO HOLDINGS IN NYRVC - 159 OTHER HOLDINGS"
          }
        ]
      }
    },
    {
      "999": {
        "ind1": "\\",
        "ind2": "\\",
        "subfields": [
          {
            "a": "No barcode."
          }
        ]
      }
    }
  ]
}